%YAML 1.1
%TAG !u! tag:unity3d.com,2011:
--- !u!1 &4362851304577739974
GameObject:
  m_ObjectHideFlags: 0
  m_CorrespondingSourceObject: {fileID: 0}
  m_PrefabInstance: {fileID: 0}
  m_PrefabAsset: {fileID: 0}
  serializedVersion: 6
  m_Component:
  - component: {fileID: 8866936752203830553}
  - component: {fileID: 2571267302015120339}
  - component: {fileID: 8778654344761542243}
  - component: {fileID: 6144861150061719928}
  m_Layer: 0
  m_Name: Cube (1)
  m_TagString: Untagged
  m_Icon: {fileID: 0}
  m_NavMeshLayer: 0
  m_StaticEditorFlags: 0
  m_IsActive: 1
--- !u!4 &8866936752203830553
Transform:
  m_ObjectHideFlags: 0
  m_CorrespondingSourceObject: {fileID: 0}
  m_PrefabInstance: {fileID: 0}
  m_PrefabAsset: {fileID: 0}
  m_GameObject: {fileID: 4362851304577739974}
  m_LocalRotation: {x: -0, y: -0.99979633, z: -0, w: 0.020180712}
  m_LocalPosition: {x: 2.28, y: 0.75, z: -1.41}
  m_LocalScale: {x: 1.45, y: 1.5, z: 0.88}
  m_Children: []
  m_Father: {fileID: 6997804871011487000}
  m_RootOrder: 7
  m_LocalEulerAnglesHint: {x: 0, y: -177.687, z: 0}
--- !u!33 &2571267302015120339
MeshFilter:
  m_ObjectHideFlags: 0
  m_CorrespondingSourceObject: {fileID: 0}
  m_PrefabInstance: {fileID: 0}
  m_PrefabAsset: {fileID: 0}
  m_GameObject: {fileID: 4362851304577739974}
  m_Mesh: {fileID: 10202, guid: 0000000000000000e000000000000000, type: 0}
--- !u!23 &8778654344761542243
MeshRenderer:
  m_ObjectHideFlags: 0
  m_CorrespondingSourceObject: {fileID: 0}
  m_PrefabInstance: {fileID: 0}
  m_PrefabAsset: {fileID: 0}
  m_GameObject: {fileID: 4362851304577739974}
  m_Enabled: 1
  m_CastShadows: 1
  m_ReceiveShadows: 1
  m_DynamicOccludee: 1
  m_MotionVectors: 1
  m_LightProbeUsage: 1
  m_ReflectionProbeUsage: 1
  m_RayTracingMode: 2
  m_RayTraceProcedural: 0
  m_RenderingLayerMask: 1
  m_RendererPriority: 0
  m_Materials:
  - {fileID: 2100000, guid: 59442473eaf25d646bd7ce5e8a0255a7, type: 2}
  m_StaticBatchInfo:
    firstSubMesh: 0
    subMeshCount: 0
  m_StaticBatchRoot: {fileID: 0}
  m_ProbeAnchor: {fileID: 0}
  m_LightProbeVolumeOverride: {fileID: 0}
  m_ScaleInLightmap: 1
  m_ReceiveGI: 1
  m_PreserveUVs: 0
  m_IgnoreNormalsForChartDetection: 0
  m_ImportantGI: 0
  m_StitchLightmapSeams: 1
  m_SelectedEditorRenderState: 3
  m_MinimumChartSize: 4
  m_AutoUVMaxDistance: 0.5
  m_AutoUVMaxAngle: 89
  m_LightmapParameters: {fileID: 0}
  m_SortingLayerID: 0
  m_SortingLayer: 0
  m_SortingOrder: 0
  m_AdditionalVertexStreams: {fileID: 0}
--- !u!65 &6144861150061719928
BoxCollider:
  m_ObjectHideFlags: 0
  m_CorrespondingSourceObject: {fileID: 0}
  m_PrefabInstance: {fileID: 0}
  m_PrefabAsset: {fileID: 0}
  m_GameObject: {fileID: 4362851304577739974}
  m_Material: {fileID: 0}
  m_IsTrigger: 0
  m_Enabled: 1
  serializedVersion: 2
  m_Size: {x: 1, y: 1, z: 1}
  m_Center: {x: 0, y: 0, z: 0}
--- !u!1 &7618407262165039343
GameObject:
  m_ObjectHideFlags: 0
  m_CorrespondingSourceObject: {fileID: 0}
  m_PrefabInstance: {fileID: 0}
  m_PrefabAsset: {fileID: 0}
  serializedVersion: 6
  m_Component:
  - component: {fileID: 18529171890421384}
  - component: {fileID: 4407187058788934413}
  - component: {fileID: 1710942021098272309}
  - component: {fileID: 8091935987642194343}
  m_Layer: 0
  m_Name: Cube
  m_TagString: Untagged
  m_Icon: {fileID: 0}
  m_NavMeshLayer: 0
  m_StaticEditorFlags: 0
  m_IsActive: 1
--- !u!4 &18529171890421384
Transform:
  m_ObjectHideFlags: 0
  m_CorrespondingSourceObject: {fileID: 0}
  m_PrefabInstance: {fileID: 0}
  m_PrefabAsset: {fileID: 0}
  m_GameObject: {fileID: 7618407262165039343}
  m_LocalRotation: {x: -0, y: -0.8280718, z: -0, w: 0.5606221}
  m_LocalPosition: {x: -0.84, y: 0.75, z: 1.75}
  m_LocalScale: {x: 1.45, y: 1.5, z: 0.88}
  m_Children: []
  m_Father: {fileID: 6997804871011487000}
  m_RootOrder: 6
  m_LocalEulerAnglesHint: {x: 0, y: -111.802, z: 0}
--- !u!33 &4407187058788934413
MeshFilter:
  m_ObjectHideFlags: 0
  m_CorrespondingSourceObject: {fileID: 0}
  m_PrefabInstance: {fileID: 0}
  m_PrefabAsset: {fileID: 0}
  m_GameObject: {fileID: 7618407262165039343}
  m_Mesh: {fileID: 10202, guid: 0000000000000000e000000000000000, type: 0}
--- !u!23 &1710942021098272309
MeshRenderer:
  m_ObjectHideFlags: 0
  m_CorrespondingSourceObject: {fileID: 0}
  m_PrefabInstance: {fileID: 0}
  m_PrefabAsset: {fileID: 0}
  m_GameObject: {fileID: 7618407262165039343}
  m_Enabled: 1
  m_CastShadows: 1
  m_ReceiveShadows: 1
  m_DynamicOccludee: 1
  m_MotionVectors: 1
  m_LightProbeUsage: 1
  m_ReflectionProbeUsage: 1
  m_RayTracingMode: 2
  m_RayTraceProcedural: 0
  m_RenderingLayerMask: 1
  m_RendererPriority: 0
  m_Materials:
  - {fileID: 2100000, guid: 7cc72fe0fb26a5843af60dace4fb6fd0, type: 2}
  m_StaticBatchInfo:
    firstSubMesh: 0
    subMeshCount: 0
  m_StaticBatchRoot: {fileID: 0}
  m_ProbeAnchor: {fileID: 0}
  m_LightProbeVolumeOverride: {fileID: 0}
  m_ScaleInLightmap: 1
  m_ReceiveGI: 1
  m_PreserveUVs: 0
  m_IgnoreNormalsForChartDetection: 0
  m_ImportantGI: 0
  m_StitchLightmapSeams: 1
  m_SelectedEditorRenderState: 3
  m_MinimumChartSize: 4
  m_AutoUVMaxDistance: 0.5
  m_AutoUVMaxAngle: 89
  m_LightmapParameters: {fileID: 0}
  m_SortingLayerID: 0
  m_SortingLayer: 0
  m_SortingOrder: 0
  m_AdditionalVertexStreams: {fileID: 0}
--- !u!65 &8091935987642194343
BoxCollider:
  m_ObjectHideFlags: 0
  m_CorrespondingSourceObject: {fileID: 0}
  m_PrefabInstance: {fileID: 0}
  m_PrefabAsset: {fileID: 0}
  m_GameObject: {fileID: 7618407262165039343}
  m_Material: {fileID: 0}
  m_IsTrigger: 0
  m_Enabled: 1
  serializedVersion: 2
  m_Size: {x: 1, y: 1, z: 1}
  m_Center: {x: 0, y: 0, z: 0}
--- !u!1001 &6176471001693235582
PrefabInstance:
  m_ObjectHideFlags: 0
  serializedVersion: 2
  m_Modification:
    m_TransformParent: {fileID: 6997804871011487000}
    m_Modifications:
    - target: {fileID: 2120406392520699057, guid: b261cd34be3852945bf5788db817f6a7,
        type: 3}
      propertyPath: m_Name
      value: HidePoint
      objectReference: {fileID: 0}
    - target: {fileID: 6573008240462123587, guid: b261cd34be3852945bf5788db817f6a7,
        type: 3}
      propertyPath: m_RootOrder
      value: 5
      objectReference: {fileID: 0}
    - target: {fileID: 6573008240462123587, guid: b261cd34be3852945bf5788db817f6a7,
        type: 3}
      propertyPath: m_LocalPosition.x
      value: -2.14
      objectReference: {fileID: 0}
    - target: {fileID: 6573008240462123587, guid: b261cd34be3852945bf5788db817f6a7,
        type: 3}
      propertyPath: m_LocalPosition.y
      value: 0
      objectReference: {fileID: 0}
    - target: {fileID: 6573008240462123587, guid: b261cd34be3852945bf5788db817f6a7,
        type: 3}
      propertyPath: m_LocalPosition.z
      value: 1.4
      objectReference: {fileID: 0}
    - target: {fileID: 6573008240462123587, guid: b261cd34be3852945bf5788db817f6a7,
        type: 3}
      propertyPath: m_LocalRotation.w
      value: 1
      objectReference: {fileID: 0}
    - target: {fileID: 6573008240462123587, guid: b261cd34be3852945bf5788db817f6a7,
        type: 3}
      propertyPath: m_LocalRotation.x
      value: -0
      objectReference: {fileID: 0}
    - target: {fileID: 6573008240462123587, guid: b261cd34be3852945bf5788db817f6a7,
        type: 3}
      propertyPath: m_LocalRotation.y
      value: -0
      objectReference: {fileID: 0}
    - target: {fileID: 6573008240462123587, guid: b261cd34be3852945bf5788db817f6a7,
        type: 3}
      propertyPath: m_LocalRotation.z
      value: -0
      objectReference: {fileID: 0}
    - target: {fileID: 6573008240462123587, guid: b261cd34be3852945bf5788db817f6a7,
        type: 3}
      propertyPath: m_LocalEulerAnglesHint.x
      value: 0
      objectReference: {fileID: 0}
    - target: {fileID: 6573008240462123587, guid: b261cd34be3852945bf5788db817f6a7,
        type: 3}
      propertyPath: m_LocalEulerAnglesHint.y
      value: 0
      objectReference: {fileID: 0}
    - target: {fileID: 6573008240462123587, guid: b261cd34be3852945bf5788db817f6a7,
        type: 3}
      propertyPath: m_LocalEulerAnglesHint.z
      value: 0
      objectReference: {fileID: 0}
    m_RemovedComponents: []
  m_SourcePrefab: {fileID: 100100000, guid: b261cd34be3852945bf5788db817f6a7, type: 3}
--- !u!1001 &7241641506345083053
PrefabInstance:
  m_ObjectHideFlags: 0
  serializedVersion: 2
  m_Modification:
    m_TransformParent: {fileID: 6997804871011487000}
    m_Modifications:
    - target: {fileID: 2120406392520699057, guid: b261cd34be3852945bf5788db817f6a7,
        type: 3}
      propertyPath: m_Name
      value: HidePoint (1)
      objectReference: {fileID: 0}
    - target: {fileID: 6573008240462123587, guid: b261cd34be3852945bf5788db817f6a7,
        type: 3}
      propertyPath: m_RootOrder
      value: 8
      objectReference: {fileID: 0}
    - target: {fileID: 6573008240462123587, guid: b261cd34be3852945bf5788db817f6a7,
        type: 3}
      propertyPath: m_LocalPosition.x
      value: 2.1
      objectReference: {fileID: 0}
    - target: {fileID: 6573008240462123587, guid: b261cd34be3852945bf5788db817f6a7,
        type: 3}
      propertyPath: m_LocalPosition.y
      value: 0
      objectReference: {fileID: 0}
    - target: {fileID: 6573008240462123587, guid: b261cd34be3852945bf5788db817f6a7,
        type: 3}
      propertyPath: m_LocalPosition.z
      value: -2.65
      objectReference: {fileID: 0}
    - target: {fileID: 6573008240462123587, guid: b261cd34be3852945bf5788db817f6a7,
        type: 3}
      propertyPath: m_LocalRotation.w
      value: 1
      objectReference: {fileID: 0}
    - target: {fileID: 6573008240462123587, guid: b261cd34be3852945bf5788db817f6a7,
        type: 3}
      propertyPath: m_LocalRotation.x
      value: -0
      objectReference: {fileID: 0}
    - target: {fileID: 6573008240462123587, guid: b261cd34be3852945bf5788db817f6a7,
        type: 3}
      propertyPath: m_LocalRotation.y
      value: -0
      objectReference: {fileID: 0}
    - target: {fileID: 6573008240462123587, guid: b261cd34be3852945bf5788db817f6a7,
        type: 3}
      propertyPath: m_LocalRotation.z
      value: -0
      objectReference: {fileID: 0}
    - target: {fileID: 6573008240462123587, guid: b261cd34be3852945bf5788db817f6a7,
        type: 3}
      propertyPath: m_LocalEulerAnglesHint.x
      value: 0
      objectReference: {fileID: 0}
    - target: {fileID: 6573008240462123587, guid: b261cd34be3852945bf5788db817f6a7,
        type: 3}
      propertyPath: m_LocalEulerAnglesHint.y
      value: 0
      objectReference: {fileID: 0}
    - target: {fileID: 6573008240462123587, guid: b261cd34be3852945bf5788db817f6a7,
        type: 3}
      propertyPath: m_LocalEulerAnglesHint.z
      value: 0
      objectReference: {fileID: 0}
    m_RemovedComponents: []
  m_SourcePrefab: {fileID: 100100000, guid: b261cd34be3852945bf5788db817f6a7, type: 3}
--- !u!1001 &8747393014292279595
PrefabInstance:
  m_ObjectHideFlags: 0
  serializedVersion: 2
  m_Modification:
    m_TransformParent: {fileID: 0}
    m_Modifications:
    - target: {fileID: 1763662751113985073, guid: b23beb3b8d69e17479aadcaa78cc3fb3,
        type: 3}
      propertyPath: m_Name
      value: HideRoom 1
      objectReference: {fileID: 0}
    - target: {fileID: 1763662751113985075, guid: b23beb3b8d69e17479aadcaa78cc3fb3,
        type: 3}
      propertyPath: m_RootOrder
      value: 0
      objectReference: {fileID: 0}
    - target: {fileID: 1763662751113985075, guid: b23beb3b8d69e17479aadcaa78cc3fb3,
        type: 3}
      propertyPath: m_LocalPosition.x
      value: 0
      objectReference: {fileID: 0}
    - target: {fileID: 1763662751113985075, guid: b23beb3b8d69e17479aadcaa78cc3fb3,
        type: 3}
      propertyPath: m_LocalPosition.y
      value: 0
      objectReference: {fileID: 0}
    - target: {fileID: 1763662751113985075, guid: b23beb3b8d69e17479aadcaa78cc3fb3,
        type: 3}
      propertyPath: m_LocalPosition.z
      value: 0
      objectReference: {fileID: 0}
    - target: {fileID: 1763662751113985075, guid: b23beb3b8d69e17479aadcaa78cc3fb3,
        type: 3}
      propertyPath: m_LocalRotation.w
      value: 1
      objectReference: {fileID: 0}
    - target: {fileID: 1763662751113985075, guid: b23beb3b8d69e17479aadcaa78cc3fb3,
        type: 3}
      propertyPath: m_LocalRotation.x
      value: 0
      objectReference: {fileID: 0}
    - target: {fileID: 1763662751113985075, guid: b23beb3b8d69e17479aadcaa78cc3fb3,
        type: 3}
      propertyPath: m_LocalRotation.y
      value: 0
      objectReference: {fileID: 0}
    - target: {fileID: 1763662751113985075, guid: b23beb3b8d69e17479aadcaa78cc3fb3,
        type: 3}
      propertyPath: m_LocalRotation.z
      value: 0
      objectReference: {fileID: 0}
    - target: {fileID: 1763662751113985075, guid: b23beb3b8d69e17479aadcaa78cc3fb3,
        type: 3}
      propertyPath: m_LocalEulerAnglesHint.x
      value: 0
      objectReference: {fileID: 0}
    - target: {fileID: 1763662751113985075, guid: b23beb3b8d69e17479aadcaa78cc3fb3,
        type: 3}
      propertyPath: m_LocalEulerAnglesHint.y
      value: 0
      objectReference: {fileID: 0}
    - target: {fileID: 1763662751113985075, guid: b23beb3b8d69e17479aadcaa78cc3fb3,
        type: 3}
      propertyPath: m_LocalEulerAnglesHint.z
      value: 0
      objectReference: {fileID: 0}
    m_RemovedComponents: []
  m_SourcePrefab: {fileID: 100100000, guid: b23beb3b8d69e17479aadcaa78cc3fb3, type: 3}
--- !u!4 &6997804871011487000 stripped
Transform:
  m_CorrespondingSourceObject: {fileID: 1763662751113985075, guid: b23beb3b8d69e17479aadcaa78cc3fb3,
    type: 3}
  m_PrefabInstance: {fileID: 8747393014292279595}
  m_PrefabAsset: {fileID: 0}
